<?xml version="1.0" encoding="UTF-8"?><collection xmlns="http://www.loc.gov/MARC21/slim"><record><leader>00383nam--2200133-i-4500</leader><controlfield tag="001">000049419</controlfield><controlfield tag="002">20161230</controlfield><controlfield tag="005">20161230201047</controlfield><controlfield tag="008">060222s1000------------r-----000-0-eng-d</controlfield><datafield ind1=" " ind2=" " tag="080"><subfield code="a">801.323.2=30=20:54(038)=002=30=20</subfield></datafield><datafield ind1=" " ind2=" " tag="100"><subfield code="a">Patterson, Augustin M</subfield></datafield><datafield ind1=" " ind2=" " tag="245"><subfield code="a">A germa-english dictionary for chemists. 3rd edition</subfield></datafield><datafield ind1=" " ind2=" " tag="260"><subfield code="a">New York, John Wiley, 1955, Xviii+541p</subfield></datafield><datafield ind1=" " ind2=" " tag="852"><subfield code="a">D.118</subfield></datafield></record></collection>